<?xml version="1.0" encoding="UTF-8"?><collection xmlns="http://www.loc.gov/MARC21/slim"><record><leader>00333nam--2200121-i-4500</leader><controlfield tag="001">000008549</controlfield><controlfield tag="002">20161230</controlfield><controlfield tag="005">20161230201027</controlfield><controlfield tag="008">060222s1000------------r-----000-0-eng-d</controlfield><datafield ind1=" " ind2=" " tag="245"><subfield code="a">Electroanalytical chemistry. a series of advan ces</subfield></datafield><datafield ind1=" " ind2=" " tag="260"><subfield code="a">London, Edward Arnold Publ.Ltd., 1966. X + 426 P</subfield></datafield><datafield ind1=" " ind2=" " tag="700"><subfield code="a">Bard, Allen J</subfield></datafield><datafield ind1=" " ind2=" " tag="852"><subfield code="a">28728</subfield></datafield></record></collection>